@inproceedings{reynolds1972definitional,
  title={interpreters for higher-order programming languages},
  author={Reynolds, John C},
  booktitle={Proceedings of the ACM annual conference-Volume 2},
  pages={717--740},
  year={1972},
  organization={ACM}
}
@article{unified,
  title={A unified theory of garbage collection},
  author={Bacon, David F and Cheng, Perry and Rajan, VT},
  journal={ACM SIGPLAN Notices},
  volume={39},
  number={10},
  pages={50--68},
  year={2004},
  publisher={ACM}
}

@book{mogensen,
  title={Basics of compiler design},
  author={Mogensen, Torben {\AE}gidius},
  year={2009},
  publisher={Torben {\AE}gidius Mogensen}
}

@book{mitchell2003concepts,
  title={Concepts in programming languages},
  author={Mitchell, John C},
  year={2003},
  publisher={Cambridge University Press}
}

@inproceedings{wadler1995monads,
  title={Monads for functional programming},
  author={Wadler, Philip},
  booktitle={International School on Advanced Functional Programming},
  pages={24--52},
  year={1995},
  organization={Springer}
}
